@ONLINE{WIKI01,
	title = {Iris flower data set},
	url = {https://en.wikipedia.org/wiki/Iris_flower_data_set},
	urldate = {2018-06-29}
}
